

@Misc{Angular,
title = {https://angular.io/docs},
note = {Site officiel du Angular}
}

@Misc{Spring-CLoud,
title = {https://spring.io/projects/spring-cloud},
note = {Site officiel de Spring CLoud}
}

@Misc{Spring-Boot,
title = {https://spring.io/projects/spring-boot#overview},
note = {Spring Boot}
}

@Misc{NLP,
title = {http://towardsdatascience.com/your-guide-to-natural-language-processing-nlp-48ea2511f6e1},
note = {Article sur NLP}
}

@Misc{NLTK,
title = {https://www.nltk.org/},
note = {NLTK documentation}
}

title = {https://stackoverflow.com/},
note = {RÃ©solution des erreurs}
}
